%YAML 1.1
%TAG !u! tag:unity3d.com,2011:
--- !u!1 &3188444170496348812
GameObject:
  m_ObjectHideFlags: 0
  m_CorrespondingSourceObject: {fileID: 0}
  m_PrefabInstance: {fileID: 0}
  m_PrefabAsset: {fileID: 0}
  serializedVersion: 6
  m_Component:
  - component: {fileID: 3008050655128588750}
  - component: {fileID: 8985845026446492313}
  - component: {fileID: 5985295756421523533}
  - component: {fileID: 3939536950877414738}
  m_Layer: 0
  m_Name: WaterFlash
  m_TagString: Untagged
  m_Icon: {fileID: 0}
  m_NavMeshLayer: 0
  m_StaticEditorFlags: 0
  m_IsActive: 1
--- !u!4 &3008050655128588750
Transform:
  m_ObjectHideFlags: 0
  m_CorrespondingSourceObject: {fileID: 0}
  m_PrefabInstance: {fileID: 0}
  m_PrefabAsset: {fileID: 0}
  m_GameObject: {fileID: 3188444170496348812}
  serializedVersion: 2
  m_LocalRotation: {x: 0, y: 0, z: 0, w: 1}
  m_LocalPosition: {x: 0, y: 0, z: 0}
  m_LocalScale: {x: 1, y: 1, z: 1}
  m_ConstrainProportionsScale: 0
  m_Children: []
  m_Father: {fileID: 4742755645514285314}
  m_LocalEulerAnglesHint: {x: 0, y: 0, z: 0}
--- !u!212 &8985845026446492313
SpriteRenderer:
  m_ObjectHideFlags: 0
  m_CorrespondingSourceObject: {fileID: 0}
  m_PrefabInstance: {fileID: 0}
  m_PrefabAsset: {fileID: 0}
  m_GameObject: {fileID: 3188444170496348812}
  m_Enabled: 1
  m_CastShadows: 0
  m_ReceiveShadows: 0
  m_DynamicOccludee: 1
  m_StaticShadowCaster: 0
  m_MotionVectors: 1
  m_LightProbeUsage: 1
  m_ReflectionProbeUsage: 1
  m_RayTracingMode: 0
  m_RayTraceProcedural: 0
  m_RenderingLayerMask: 1
  m_RendererPriority: 0
  m_Materials:
  - {fileID: 10754, guid: 0000000000000000f000000000000000, type: 0}
  m_StaticBatchInfo:
    firstSubMesh: 0
    subMeshCount: 0
  m_StaticBatchRoot: {fileID: 0}
  m_ProbeAnchor: {fileID: 0}
  m_LightProbeVolumeOverride: {fileID: 0}
  m_ScaleInLightmap: 1
  m_ReceiveGI: 1
  m_PreserveUVs: 0
  m_IgnoreNormalsForChartDetection: 0
  m_ImportantGI: 0
  m_StitchLightmapSeams: 1
  m_SelectedEditorRenderState: 0
  m_MinimumChartSize: 4
  m_AutoUVMaxDistance: 0.5
  m_AutoUVMaxAngle: 89
  m_LightmapParameters: {fileID: 0}
  m_SortingLayerID: 0
  m_SortingLayer: 0
  m_SortingOrder: 3
  m_Sprite: {fileID: -169182244, guid: fb9c17e45c2df3f43a18abb9d14894c6, type: 3}
  m_Color: {r: 1, g: 1, b: 1, a: 1}
  m_FlipX: 0
  m_FlipY: 0
  m_DrawMode: 0
  m_Size: {x: 1, y: 1}
  m_AdaptiveModeThreshold: 0.5
  m_SpriteTileMode: 0
  m_WasSpriteAssigned: 1
  m_MaskInteraction: 0
  m_SpriteSortPoint: 0
--- !u!95 &5985295756421523533
Animator:
  serializedVersion: 5
  m_ObjectHideFlags: 0
  m_CorrespondingSourceObject: {fileID: 0}
  m_PrefabInstance: {fileID: 0}
  m_PrefabAsset: {fileID: 0}
  m_GameObject: {fileID: 3188444170496348812}
  m_Enabled: 1
  m_Avatar: {fileID: 0}
  m_Controller: {fileID: 9100000, guid: 74efbefd33c32f1469a1d9084e3d15a7, type: 2}
  m_CullingMode: 0
  m_UpdateMode: 0
  m_ApplyRootMotion: 0
  m_LinearVelocityBlending: 0
  m_StabilizeFeet: 0
  m_WarningMessage: 
  m_HasTransformHierarchy: 1
  m_AllowConstantClipSamplingOptimization: 1
  m_KeepAnimatorStateOnDisable: 0
  m_WriteDefaultValuesOnDisable: 0
--- !u!114 &3939536950877414738
MonoBehaviour:
  m_ObjectHideFlags: 0
  m_CorrespondingSourceObject: {fileID: 0}
  m_PrefabInstance: {fileID: 0}
  m_PrefabAsset: {fileID: 0}
  m_GameObject: {fileID: 3188444170496348812}
  m_Enabled: 1
  m_EditorHideFlags: 0
  m_Script: {fileID: 11500000, guid: ec71f6b7ee5dd364e9bf55298973c886, type: 3}
  m_Name: 
  m_EditorClassIdentifier: 
  delayRange: 5
--- !u!1 &7879556798484098905
GameObject:
  m_ObjectHideFlags: 0
  m_CorrespondingSourceObject: {fileID: 0}
  m_PrefabInstance: {fileID: 0}
  m_PrefabAsset: {fileID: 0}
  serializedVersion: 6
  m_Component:
  - component: {fileID: 3207674669578031520}
  - component: {fileID: 5815317446197385024}
  m_Layer: 0
  m_Name: WaterEdge
  m_TagString: Untagged
  m_Icon: {fileID: 0}
  m_NavMeshLayer: 0
  m_StaticEditorFlags: 0
  m_IsActive: 1
--- !u!4 &3207674669578031520
Transform:
  m_ObjectHideFlags: 0
  m_CorrespondingSourceObject: {fileID: 0}
  m_PrefabInstance: {fileID: 0}
  m_PrefabAsset: {fileID: 0}
  m_GameObject: {fileID: 7879556798484098905}
  serializedVersion: 2
  m_LocalRotation: {x: -0, y: -0, z: -0, w: 1}
  m_LocalPosition: {x: 0, y: 0, z: 0}
  m_LocalScale: {x: 1, y: 1, z: 1}
  m_ConstrainProportionsScale: 0
  m_Children: []
  m_Father: {fileID: 4742755645514285314}
  m_LocalEulerAnglesHint: {x: 0, y: 0, z: 0}
--- !u!212 &5815317446197385024
SpriteRenderer:
  m_ObjectHideFlags: 0
  m_CorrespondingSourceObject: {fileID: 0}
  m_PrefabInstance: {fileID: 0}
  m_PrefabAsset: {fileID: 0}
  m_GameObject: {fileID: 7879556798484098905}
  m_Enabled: 1
  m_CastShadows: 0
  m_ReceiveShadows: 0
  m_DynamicOccludee: 1
  m_StaticShadowCaster: 0
  m_MotionVectors: 1
  m_LightProbeUsage: 1
  m_ReflectionProbeUsage: 1
  m_RayTracingMode: 0
  m_RayTraceProcedural: 0
  m_RenderingLayerMask: 1
  m_RendererPriority: 0
  m_Materials:
  - {fileID: 10754, guid: 0000000000000000f000000000000000, type: 0}
  m_StaticBatchInfo:
    firstSubMesh: 0
    subMeshCount: 0
  m_StaticBatchRoot: {fileID: 0}
  m_ProbeAnchor: {fileID: 0}
  m_LightProbeVolumeOverride: {fileID: 0}
  m_ScaleInLightmap: 1
  m_ReceiveGI: 1
  m_PreserveUVs: 0
  m_IgnoreNormalsForChartDetection: 0
  m_ImportantGI: 0
  m_StitchLightmapSeams: 1
  m_SelectedEditorRenderState: 0
  m_MinimumChartSize: 4
  m_AutoUVMaxDistance: 0.5
  m_AutoUVMaxAngle: 89
  m_LightmapParameters: {fileID: 0}
  m_SortingLayerID: 0
  m_SortingLayer: 0
  m_SortingOrder: 2
  m_Sprite: {fileID: 21300000, guid: 28d962fb0a61ff2469af60fb431194ee, type: 3}
  m_Color: {r: 1, g: 1, b: 1, a: 1}
  m_FlipX: 0
  m_FlipY: 0
  m_DrawMode: 0
  m_Size: {x: 1, y: 1}
  m_AdaptiveModeThreshold: 0.5
  m_SpriteTileMode: 0
  m_WasSpriteAssigned: 1
  m_MaskInteraction: 0
  m_SpriteSortPoint: 0
--- !u!1001 &5094410395878204869
PrefabInstance:
  m_ObjectHideFlags: 0
  serializedVersion: 2
  m_Modification:
    serializedVersion: 3
    m_TransformParent: {fileID: 0}
    m_Modifications:
    - target: {fileID: 242198666260045319, guid: 795e2052244f2cc4fb7a651a7a752de1, type: 3}
      propertyPath: m_Sprite
      value: 
      objectReference: {fileID: -1831687397, guid: 27b58f97520a7c74281fe62dd040f3c7, type: 3}
    - target: {fileID: 242198666260045319, guid: 795e2052244f2cc4fb7a651a7a752de1, type: 3}
      propertyPath: m_WasSpriteAssigned
      value: 1
      objectReference: {fileID: 0}
    - target: {fileID: 532370757493925063, guid: 795e2052244f2cc4fb7a651a7a752de1, type: 3}
      propertyPath: m_RootOrder
      value: 0
      objectReference: {fileID: 0}
    - target: {fileID: 532370757493925063, guid: 795e2052244f2cc4fb7a651a7a752de1, type: 3}
      propertyPath: m_LocalPosition.x
      value: 0
      objectReference: {fileID: 0}
    - target: {fileID: 532370757493925063, guid: 795e2052244f2cc4fb7a651a7a752de1, type: 3}
      propertyPath: m_LocalPosition.y
      value: 0
      objectReference: {fileID: 0}
    - target: {fileID: 532370757493925063, guid: 795e2052244f2cc4fb7a651a7a752de1, type: 3}
      propertyPath: m_LocalPosition.z
      value: 0
      objectReference: {fileID: 0}
    - target: {fileID: 532370757493925063, guid: 795e2052244f2cc4fb7a651a7a752de1, type: 3}
      propertyPath: m_LocalRotation.w
      value: 1
      objectReference: {fileID: 0}
    - target: {fileID: 532370757493925063, guid: 795e2052244f2cc4fb7a651a7a752de1, type: 3}
      propertyPath: m_LocalRotation.x
      value: 0
      objectReference: {fileID: 0}
    - target: {fileID: 532370757493925063, guid: 795e2052244f2cc4fb7a651a7a752de1, type: 3}
      propertyPath: m_LocalRotation.y
      value: 0
      objectReference: {fileID: 0}
    - target: {fileID: 532370757493925063, guid: 795e2052244f2cc4fb7a651a7a752de1, type: 3}
      propertyPath: m_LocalRotation.z
      value: 0
      objectReference: {fileID: 0}
    - target: {fileID: 532370757493925063, guid: 795e2052244f2cc4fb7a651a7a752de1, type: 3}
      propertyPath: m_LocalEulerAnglesHint.x
      value: 0
      objectReference: {fileID: 0}
    - target: {fileID: 532370757493925063, guid: 795e2052244f2cc4fb7a651a7a752de1, type: 3}
      propertyPath: m_LocalEulerAnglesHint.y
      value: 0
      objectReference: {fileID: 0}
    - target: {fileID: 532370757493925063, guid: 795e2052244f2cc4fb7a651a7a752de1, type: 3}
      propertyPath: m_LocalEulerAnglesHint.z
      value: 0
      objectReference: {fileID: 0}
    - target: {fileID: 5052222230226276417, guid: 795e2052244f2cc4fb7a651a7a752de1, type: 3}
      propertyPath: num
      value: 20
      objectReference: {fileID: 0}
    - target: {fileID: 5052222230226276417, guid: 795e2052244f2cc4fb7a651a7a752de1, type: 3}
      propertyPath: type
      value: 0
      objectReference: {fileID: 0}
    - target: {fileID: 5052222230226276417, guid: 795e2052244f2cc4fb7a651a7a752de1, type: 3}
      propertyPath: pickSound
      value: 
      objectReference: {fileID: 8300000, guid: fc9bb757ae9a16c40a5860475385ab8d, type: 3}
    - target: {fileID: 8059670458274223143, guid: 795e2052244f2cc4fb7a651a7a752de1, type: 3}
      propertyPath: m_Name
      value: Water
      objectReference: {fileID: 0}
    m_RemovedComponents: []
    m_RemovedGameObjects: []
    m_AddedGameObjects:
    - targetCorrespondingSourceObject: {fileID: 532370757493925063, guid: 795e2052244f2cc4fb7a651a7a752de1, type: 3}
      insertIndex: -1
      addedObject: {fileID: 3207674669578031520}
    - targetCorrespondingSourceObject: {fileID: 532370757493925063, guid: 795e2052244f2cc4fb7a651a7a752de1, type: 3}
      insertIndex: -1
      addedObject: {fileID: 3008050655128588750}
    m_AddedComponents:
    - targetCorrespondingSourceObject: {fileID: 8059670458274223143, guid: 795e2052244f2cc4fb7a651a7a752de1, type: 3}
      insertIndex: -1
      addedObject: {fileID: 8577813354087826321}
  m_SourcePrefab: {fileID: 100100000, guid: 795e2052244f2cc4fb7a651a7a752de1, type: 3}
--- !u!1 &2984559270382907874 stripped
GameObject:
  m_CorrespondingSourceObject: {fileID: 8059670458274223143, guid: 795e2052244f2cc4fb7a651a7a752de1, type: 3}
  m_PrefabInstance: {fileID: 5094410395878204869}
  m_PrefabAsset: {fileID: 0}
--- !u!95 &8577813354087826321
Animator:
  serializedVersion: 5
  m_ObjectHideFlags: 0
  m_CorrespondingSourceObject: {fileID: 0}
  m_PrefabInstance: {fileID: 0}
  m_PrefabAsset: {fileID: 0}
  m_GameObject: {fileID: 2984559270382907874}
  m_Enabled: 1
  m_Avatar: {fileID: 0}
  m_Controller: {fileID: 9100000, guid: 4477682f4b6746d4da4432ead9ed418e, type: 2}
  m_CullingMode: 0
  m_UpdateMode: 0
  m_ApplyRootMotion: 0
  m_LinearVelocityBlending: 0
  m_StabilizeFeet: 0
  m_WarningMessage: 
  m_HasTransformHierarchy: 1
  m_AllowConstantClipSamplingOptimization: 1
  m_KeepAnimatorStateOnDisable: 0
  m_WriteDefaultValuesOnDisable: 0
--- !u!4 &4742755645514285314 stripped
Transform:
  m_CorrespondingSourceObject: {fileID: 532370757493925063, guid: 795e2052244f2cc4fb7a651a7a752de1, type: 3}
  m_PrefabInstance: {fileID: 5094410395878204869}
  m_PrefabAsset: {fileID: 0}
